<record xmlns="http://www.loc.gov/MARC21/slim" xmlns:xsi="http://www.w3.org/2001/XMLSchema-instance" xsi:schemaLocation="http://www.loc.gov/MARC21/slim http://www.loc.gov/standards/marcxml/schema/MARC21slim.xsd">

  <leader>00430nas a2200157   4500</leader>
  <datafield ind2=" " ind1=" " tag="999">
    <subfield code="c">3364</subfield>
    <subfield code="d">3364</subfield>
  </datafield>
  <controlfield tag="005">20170127102150.0</controlfield>
  <controlfield tag="008">170127b1995    cu ||||| |||| 00| 0 spa d</controlfield>
  <datafield tag="022" ind1=" " ind2=" ">
    <subfield code="a">0864-134X</subfield>
  </datafield>
  <datafield ind2=" " tag="090" ind1=" ">
    <subfield code="a">13.09.09</subfield>
    <subfield code="b">2246</subfield>
  </datafield>
  <datafield ind2="0" tag="245" ind1="1">
    <subfield code="a">Temas: cultura ideología sociedad</subfield>
  </datafield>
  <datafield ind2=" " ind1=" " tag="260">
    <subfield code="a">La Habana, Cuba :  </subfield>
    <subfield code="b">Ediciones Caribe,</subfield>
    <subfield code="c">1995 -</subfield>
  </datafield>
  <datafield ind2=" " ind1=" " tag="300">
    <subfield code="a">Volúmenes</subfield>
  </datafield>
  <datafield ind2="4" ind1="1" tag="650">
    <subfield code="9">378</subfield>
    <subfield code="a">CULTURA </subfield>
  </datafield>
  <datafield ind1="1" tag="650" ind2="4">
    <subfield code="9">3</subfield>
    <subfield code="a">PUBLICACIONES PERIÓDICAS</subfield>
  </datafield>
  <datafield tag="942" ind1=" " ind2=" ">
    <subfield code="2">z</subfield>
    <subfield code="c">03</subfield>
  </datafield>
</record>